@string{ abnt.options.header = "$Header: /home/cvsroot/abntex/texmf/bibtex/bib/abntex/abnt-options.bib,v 1.5 2002/06/08 01:13:18 gweber Exp $"}
@ABNT-options{abnt-dont-use-etal=yes,
 abnt-dont-use-etal="yes",
 key="aaaa"}
@ABNT-options{abnt-dont-use-etal=no,
 abnt-dont-use-etal="no",
 key="aaaa"}
@ABNT-options{abnt-emphasize=bf,
 abnt-emphasize="\textbf",
 key="aaaa"}
@ABNT-options{abnt-emphasize=em,
 abnt-emphasize="\emph",
 key="aaaa"}
@ABNT-options{abnt-full-initials=no,
 abnt-full-initials="no",
 key="aaaa"}
@ABNT-options{abnt-full-initials=yes,
 abnt-full-initials="yes",
 key="aaaa"}
@ABNT-options{abnt-missing-year=void,
 abnt-missing-year="void",
 key="aaaa"}
@ABNT-options{abnt-missing-year=sd,
 abnt-missing-year="sd",
 key="aaaa"}
@ABNT-options{abnt-repeated-field-omit=no,
 abnt-repeated-field-omit="no",
 key="aaaa"}
@ABNT-options{abnt-repeated-field-omit=yes,
 abnt-repeated-field-omit="yes",
 key="aaaa"}
@ABNT-options{abnt-show-options=no,
 abnt-show-options="no",
 key="aaaa"}
@ABNT-options{abnt-show-options=warn,
 abnt-show-options="warn",
 key="aaaa"}
@ABNT-options{abnt-show-options=list,
 abnt-show-options="list",
 key="aaaa"}
@ABNT-options{abnt-thesis-year=final,
 abnt-thesis-year="final",
 key="aaaa"}
@ABNT-options{abnt-thesis-year=title,
 abnt-thesis-year="title",
 key="aaaa"}
@ABNT-options{abnt-thesis-year=both,
 abnt-thesis-year="both",
 key="aaaa"}
