@string{ abnt.def.header = "$Header: /home/cvsroot/abntex/texmf/bibtex/bib/abntex/abnt-def.bib,v 1.16 2002/06/08 01:13:18 gweber Exp $"}
@book{10520:4.1-1,
 author  ={X. Y. Z. Authler-Reiriz},
 year    =1982,
 title   ={Exemplo de cita{\c c}\~ao no texto}}
@book{10520:4.1-2,
 author  ={X. Y. Z. Derrida},
 year    =1967,
 title   ={Exemplo de cita{\c c}\~ao no texto},
 pages   =293}
@book{10520:4.1-3,
 year    =1978,
 title   ={Depoimento sobre qualquer coisa},
 pages   ={101-114}}
@book{10520:4.2-1,
 author  ={X. Y. Z. Mumford},
 year    =1949,
 title   ={Exemplo de cita{\c c}\~ao no texto}}
@book{10520:4.2-2,
 author  ={X. Y. Z. Oliveira and X. Y. Z. Leonardos},
 year    =1943,
 title   ={Exemplo de cita{\c c}\~ao no texto}}
@book{10520:4.2-3,
 author  ={X. Y. Z. Pereira~de~S\'a},
 year    =1995,
 title   ={Exemplo de cita{\c c}\~ao no texto}}
@book{10520:4.8,
 author  ={X. Y. Z. Souto},
 year    =1916,
 title   ={Exemplo de cita{\c c}\~ao no texto}}
@book{10520:4.8.1,
 author  ={X. Y. Z. Candido},
 year    =1993,
 title   ={Exemplo de cita{\c c}\~ao no texto}}
@book{10520:5.1.3a,
 author  ={X. Y. Z. Reeside},
 year    =1927,
 title   ={Exemplo de cita{\c c}\~ao no texto}}
@book{10520:5.1.3b,
 author  ={X. Y. Z. Reeside},
 year    =1927,
 title   ={Exemplo de cita{\c c}\~ao no texto}}
@book{10520:5.1.4,
 author  ={X. Y. Z. Cruz and X. Y. Z. Correa and X. Y. Z. Costa},
 year    =1998,
 title   ={Exemplo de cita{\c c}\~ao no texto}}
@book{10520:5.1.4-98,
 author  ={X. Y. Z. Cruz and X. Y. Z. Correa and X. Y. Z. Costa},
 year    =1998,
 title   ={Exemplo de cita{\c c}\~ao no texto}}
@book{10520:5.1.4-99,
 author  ={X. Y. Z. Cruz and X. Y. Z. Correa and X. Y. Z. Costa},
 year    =1999,
 title   ={Exemplo de cita{\c c}\~ao no texto}}
@book{10520:5.1.4-00,
 author  ={X. Y. Z. Cruz and X. Y. Z. Correa and X. Y. Z. Costa},
 year    =2000,
 title   ={Exemplo de cita{\c c}\~ao no texto}}
@book{10520:5.1.5a,
 author  ={X. Y. Z. Fonseca},
 year    =1997,
 title   ={Exemplo de cita{\c c}\~ao no texto}}
@book{10520:5.1.5b,
 author  ={X. Y. Z. Paiva},
 year    =1997,
 title   ={Exemplo de cita{\c c}\~ao no texto}}
@book{10520:5.1.5c,
 author  ={X. Y. Z. Silva},
 year    =1997,
 title   ={Exemplo de cita{\c c}\~ao no texto}}
@book{10520:5.1.5ab,
 author  ={X. Y. Z. Fonseca and X. Y. Z. Paiva},
 year    =1997,
 title   ={Exemplo de cita{\c c}\~ao no texto}}
@article{ARTICLE1,
 author  ={First von Last, Jr.}, 
 journal ={T{\'\i}tulo da Revista}, 
 volume  =10,
 number  =2, 
 pages   ={15905-15913},
 month   ={M{\^e}s}, 
 year    =2000,
 address ={Endere{\c c}o}, 
 title   ={T{\'\i}tulo da Obra: artigo com um autor}}
@article{ARTICLE2,
 author  ={First von Last, Jr. and Second von Previous, Filho}, 
 journal ={T{\'\i}tulo da Revista}, 
 volume  =10,
 number  =2, 
 pages   ={15905-15913},
 month   ={M{\^e}s}, 
 year    =2000,
 address ={Endere{\c c}o},
 title   ={T{\'\i}tulo da Obra: artigo com dois autores}}
@article{ARTICLE3, 
 author  ={First von Last, Jr. and Second von Previous, Filho and Terceiro da Silva}, 
 journal ={T{\'\i}tulo da Revista}, 
 volume  =10,
 number  =2,
 pages   ={15905-15913},
 month   ={M{\^e}s}, 
 year    =2000,
 address ={Endere{\c c}o},
 title   ={T{\'\i}tulo da Obra: artigo com tr\^es autores}}
@article{ARTICLE4, 
 author  ={First von Last, Jr. and Second von Previous, Filho and Terceiro da Silva and
          Quarto Quinto}, 
 journal ={T{\'\i}tulo da Revista},
 volume  =10,
 number  =2, 
 pages   ={15905-15913},
 month   ={M{\^e}s},
 year    =2000,
 address ={Endere{\c c}o}, 
 title   ={T{\'\i}tulo da Obra: artigo com quatro autores}}
@manual{6023:2000,
 organization={Associa{\c c}\~ao Brasileira de Normas T\'ecnicas},
 title   ={{NBR} 6023},
 subtitle={Informa{\c c}\~ao e documenta{\c c}\~ao --- Refer\^encias --- Elabora{\c c}\~ao
 Apresenta{\c c}\~ao de cita{\c c}\~oes
           em documentos},
 address ={Rio de Janeiro},
 pages   =22,
 month   =aug,
 year    =2000}
@manual{10520:1988,
 organization={Associa{\c c}\~ao Brasileira de Normas T\'ecnicas},
 title   ={{NBR} 10520},
 subtitle={Apresenta{\c c}\~ao de cita{\c c}\~oes em documentos --- Procedimentos},
 address ={Rio de Janeiro},
 pages   =3,
 month   =oct,
 year    =1988}
@manual{10520:2001,
 organization={Associa{\c c}\~ao Brasileira de Normas T\'ecnicas},
 title   ={{NBR} 10520},
 subtitle={Informa{\c c}\~ao e documenta{\c c}\~ao --- Apresenta{\c c}\~ao de cita{\c c}\~oes
           em documentos},
 address ={Rio de Janeiro},
 pages   =4,
 month   =jul,
 year    =2001,
 note    = {Substitui a Ref.~\citeonline{10520:1988}}}
@book{7.1.3-1,
 marginnote={\framebox{OK}},
 author  ={Gomes, L. G. F. F},
 title   ={Novela e sociedade no Brasil},
 address ={Niter{\'o}i},
 publisher={EdUFF},
 year    ={1998},
 pages   =137,
 dimensions={21~cm},
 series  ={Cole{\c c}\~ao Antropologia e Ci{\^e}ncia Pol{\'\i}tica},
 number  =15,
 note    ={Bibliografia: p. 131--132},
 isbn    ={85-228-0268-8}}
@book{7.1.3-2,
 marginnote={\framebox{OK}},
 title   ={Perfil da administra{\c c}\~ao p{\'u}blica paulista},
 edition ={6},
 address ={S{\~a}o Paulo},
 publisher={FUNDAP},
 year    =1994,
 pages   =317,
 dimensions={28~cm},
 note    ={Inclui \'\i ndice},
 isbn    ={85-7285-026-0}}
@phdthesis{7.1.3-3,
 author  ={M. F. P. Barcelos},
 title   ={Ensaio tecnol\'ogico, bioqu\'\i mico e sensorial de soja e gandu
          enlatados no est\'agio verde e matura{\c c}\~ao de colheita},
 type    ={Doutorado em Nutri{\c c}\~ao},
 year    =1998,
 school  ={Faculdade de Engenharia de Alimentos, Universidade Estadual de Campinas},
 address ={Campinas},
 pages   =160,
 pagename={f.}}
@booklet{7.1.3-4,
 author  ={IBICT},
 title   ={Manual de normas de editora{\c c}\~ao do {IBICT}},
 edition =2,
 address ={Bras\'\i lia, DF},
 year    =1993,
 pages   =41}
@book{7.1.3-5,
 editor  ={A. Houaiss},
 title   ={Novo dicion\'ario {Folha Webster's}},
 subtitle={ingl\^es/portugu\^es, portugu\^es/ingl\^es},
 furtherresp={Co-editor Ismael Cardim},
 address ={S\~ao Paulo},
 publisher={Folha da Manh\~a},
 year    =1996,
 note    ={Edi{\c c}\~ao exclusiva para o assinante da Folha de S.\ Paulo}}
@book{7.1.3-6,
 title   ={Brasil: roteiros tur\'\i sticos},
 address ={S\~ao Paulo},
 publisher={Folha da Manh\~a},
 year    =1995,
 pages   =319,
 illustrated={},
 series  ={Roteiros tur\'\i sticos Fiat},
 note    ={Inclui mapa rodovi\'ario}}
@manual{7.1.3-7,
 organization={S\~ao Paulo {(Estado). Secretaria do Meio Ambiente.
          Coordenadoria de Planejamento Ambiental.}},
 title   ={Estudo de impacto ambiental --- {EIA}, Relat\'orio de
          Impacto ambiental --- {RIMA}},
 subtitle={manual de orienta{\c c}\~ao},
 address ={S\~ao Paulo},
 year    =1989,
 pages   =48,
 series  ={S\'erie Manuais}}
@manual{7.1.3-8,
 organization  ={Museu~da~Imigra{\c c}\~ao {(S\~ao Paulo, SP)} },
 title   ={Museu da Imigra{\c c}\~ao --- SP},
 subtitle={cat\'alogo},
 address ={S\~ao Paulo},
 year    =1997,
 pages   =16}
@manual{7.1.3-9,
 organization = {Instituto Moreira Sales},
 title   ={S\~ao Paulo de {V}incenzo {P}astore},
 subtitle={fotografias: de 26 de abril a 3 de agosto de 1997, {Casa
           da cultura de Po{\c c}os de Caldas, MG}},
 year    =1997,
 note    ={1 folder. Apoio Minist\'erio da Cultura: Lei Federal de
          Incentivo \`a Cultura}}
@book{7.1.3-10,
 author  ={M. Torely},
 title   ={Almanaque para 1949},
 subtitle={primeiro semestre ou Almanaque d'A Manh\~a},
 edition ={fac-sim},
 address ={S\~ao Paulo},
 publisher={Studioma: Arquivo do Estado},
 year    =1941,
 series  ={Cole{\c c}\~ao Almanaques do Bar\~ao de Itarar\'e},
 note    ={Cont\'em iconografia e depoimentos sobre o autor}}
@incollection{7.2.2-1,
 author  ={G. Romano},
 title   ={Imagens da juventude na era moderna},
 editor  ={G. Levi and J. Schmidt},
 editortype={Org.},
 booktitle={Hist\'oria dos jovens 2},
 booksubtitle={a \'epoca contempor\^anea},
 address ={S\~ao Paulo},
 publisher={Companhia das Letras},
 year    ={1996},
 pages   ={7-16}}
@inbook{7.2.2-2,
 author  ={F. R. dos Santos},
 title   ={A coloniza{\c c}\~ao da terra do {T}ucuj\'us},
 booktitle={Hist\'oria do Amap\'a, {1$^o$} grau},
 edition =2,
 address ={Macap\'a},
 publisher={Valcan},
 year    =1994,
 chapter =3,
 pages   ={15-24}}
@book{7.3.2-1,
 editor  ={A. Koogan and A. Houaiss},
 title   ={Enciclop\'edia e dicion\'ario digital 98},
 furtherresp={Dire{\c c}\~ao geral de Andr\'e Koogan Breikman},
 address ={S\~ao Paulo},
 publisher={Delta: Estad\~ao},
 year    =1998,
 note    ={5 CD-ROM. Produzida por Videolar Multim\'\i dia}}
@inbook{7.3.2-2,
 title   ={Pol\'itica},
 booktitle={Dicion\'ario da l\'\i ngua portuguesa},
 address ={Lisboa},
 publisher={Priberam Inform\'atica},
 year    =1998,
 url     ={http://www.priberam.pt/dlDLPO},
 urlaccessdate={8 mar. 1999}}
@inbook{7.3.2-3,
 organization={S\~ao Paulo {(Estado). Secretaria do Meio Ambiente}},
 title   ={Tratados e organiza{\c c}\~oes ambientais em mat\'eria de
          meio ambiente},
 booktitle={Entendendo o meio ambiente},
 address ={S\~ao Paulo},
 volume  =1,
 url     ={http://www.bdt.org.br/\-sma/\-entendendo/\-atual.htm},
 urlaccessdate={8 mar. 1999},
 year    =1999}
@book{7.4.1.3-1,
 organization={Revista Brasileira de Geografia},
 address ={Rio de Janeiro},
 publisher={IBGE},
 note    ={Trimestral. Absorveu Boletim Geogr\'afico do IBGE. \'Indice acumulado
          1939-1983},
 year    ={1939--},
 issn    ={0034-723X}}
@book{7.4.1.3-2,
 organization={Boletim Geogr\'afico},
 address ={Rio de Janeiro},
 publisher={IBGE},
 year    ={1943-1978},
 note    ={Trimestral}}
@book{7.4.1.3-3,
 organization={S\~ao Paulo Medical Journal=Revista Paulista de Medicina},
 address ={S\~ao Paulo},
 publisher={Associa{\c c}\~ao Paulista de Medicina},
 year    ={1941-},
 note    ={Bimensal},
 issn    ={0035-0362}}
@article{7.4.2.1-1,
 author  ={V. R. Costa},
 title   ={{\`A} Margem da lei: o Programa Comunidade Solid\'aria},
 journal ={Em Pauta},
 section ={Revista da Faculdade de Servi{\c c}o Social da UERJ},
 adress  ={Rio de Janeiro},
 number  =12,
 pages   ={131-148},
 year    =1998}}
@article{7.4.2.1-2,
 author  ={C. Gurgel},
 title   ={Reforma do estado e seguran{\c c}a p\'ublica},
 journal ={Pol\'\i tica e administra{\c c}\~ao},
 address ={Rio de Janeiro},
 volume  =3,
 number  =2,
 pages   ={15-21},
 month   =sep,
 year    =1997}}
@article{7.4.2.1-3,
 author  ={Tourinho, Neto, F. C.},
 title   ={Dano ambiental},
 journal ={Consulex},
 section ={Revista Jur\'\i dica},
 address ={Bras\'\i lia, DF},
 year    ={1997},
 number  =1,
 volume  ={ano~1},
 pages   ={18-23},
 month   =feb}}
@article{7.4.2.1-4,
 author  ={H. C. F. Mansilla},
 title   ={La controversia entre universalismo y particularismo en la 
          filosofia de la cultura},
 journal ={Revista Latinoamericana de Filosofia},
 address ={Buenos Aires},
 volume  =24,
 number  =2,
 month   ={primavera},
 year    =1998}}
@article{7.4.2.2.1-1,
 title   ={Costura {$\times$} {P. U. R.}},
 journal ={Aldus},
 address ={S\~ao Paulo},
 volume  ={ano 1},
 number  =1,
 month   =nov,
 year    =1997,
 note    ={Encarte t\'ecnico, p.~8}}
@article{7.4.2.2.1-2,
 author  ={P. Naves},
 title   ={Lagos andinos d\~ao banho de belexa},
 journal ={Folha de S.\ Paulo},
 address ={S\~ao Paulo},
 month   ={28 jun.},
 year    =1999,
 note    ={Folha Turismo, Caderno 8, p.~13}}
@article{7.4.2.2.2,
 author  ={L. N. Leal},
 title   ={{MP} fiscaliza com autonomia total},
 journal ={Jornal do Brasil},
 address ={Rio de Janeiro},
 pages   =3,
 month   ={25 abr.},
 year    =1999}
@article{7.4.2.3-1,
 author  ={M. M. L. Silva},
 title   ={Crimes da era digital},
 journal ={.Net},
 address ={Rio de Janeiro},
 month   =nov,
 year    =1998,
 note    ={Se{\c c}\~ao Ponto de Vista},
 url     ={http://www.brazilnet.com.br/\-contexts/\-brasilrevistas.htm},
 urlaccessdate={28 .nov. 1998}}
@article{7.4.2.3-2,
 author  ={P. S. G. Ribeiro},
 title   ={Ado{\c c}\~ao \`a brasileira},
 subtitle={uma an\'alise s\'ocio-jur\'\i dica},
 journal ={Datavenia},
 address ={S\~ao Paulo},
 number  =18,
 volume  ={ano~3},
 year    =1998,
 month   =aug,
 url     ={http://\-www.datavenia.inf.br/\-frameartig.html},
 urlaccessdate={10 set. 1998}}
@article{7.4.2.3-3,
 title   ={Windows 98: o melhor caminho para atualiza{\c c}\~ao},
 journal ={PC World},
 address ={S\~ao Paulo},
 number  =75,
 month   =sep,
 year    =1998,
 url     ={http://www.idg.com.br/abre.htm},
 urlaccessdate={10 set. 1998}}
@article{7.4.2.3-4,
 author  ={I. G. Silva},
 title   ={Pena de morte para o nasciturno},
 journal ={O Estado de S.~Paulo},
 address ={S\~ao Paulo},
 month   ={19 set.},
 year    =1998,
 url    
={http://www.providafamilia.org/pena\underline{\ }morte\underline{\ }nasciturno.htm},
 urlaccessdate={10 set. 1998}}
@article{7.4.2.3-5,
 author  ={R. Kelly},
 title   ={Electronic publishing at {APS}: its not just online journalism},
 journal ={APS News Online},
 address ={Los Angeles},
 month   ={nov.},
 year    =1996,
 url     ={http://www.aps.org/apsnews/1196/11965.html},
 urlaccessdate={25 nov. 1998}}
@article{7.4.2.3-6,
 title   ={Arranjo tribut\'ario},
 journal ={Di\'ario do Nordeste Online},
 address ={Fortaleza},
 month   ={27 nov.},
 year    =1998,
 url     ={http://www.diariodonordeste.com.br},
 urlaccessdate={28 nov. 1998}}
@proceedings{7.5.1.2-1,
 organization={Simp\'osio Brasileiro de Redes de Computadores, {13., 1995,
          Belo Horizonte}},
 year    =1995,
 address ={Belo Horizonte},
 title   ={Anais...},
 publisher={UFMG},
 pages   =655}
@proceedings{7.5.1.2-2,
 organization={IUFROST International Syposium on Chemical Changes During Food
              Processing, {1984, Valencia}},
 year        =1984,
 address     ={Valencia},
 title       ={Proceedings...},
 publisher   ={Instituto de Agroquimica y Tecnologia de Alimentos}}
@proceedings{7.5.1.2-3,
 organization={Reuni\~ao Anual da Sociedade Brasileira de Qu\'imica, {20.,
              1997, Po{\c c}os de Caldas}},
 title       ={Qu\'\i mica},
 subtitle    ={academia, ind\'ustria, sociedade: livro de resumos},
 address     ={S\~ao Paulo},
 publisher   ={Sociedade Brasileira de Qu\'\i mica},
 year        =1997}
@inproceedings{7.5.2.2-1,
 author      ={Martin, Neto, L. and C. Bayer and J. Mielniczuk},
 title       ={Altera{\c c}\~oes qualitativas da mat\'eria org\^anica e os
              fatores determinantes da sua estabilidade num solo podz\'olico
              vermelho-escuro em diferentes sistemas de manejo},
 organization={Congresso Brasileiro de Ci\^encia do Solo, {26., 1997, Rio de Janeiro}},
 booktitle   ={Resumos...},
 address     ={Rio de Janeiro},
 publisher   ={Sociedade Brasileira de Ci\^encia do Solo},
 year        =1997,
 pages       =443,
 note        ={ref. 6--141}}
@inproceedings{7.5.2.2-2,
 author      ={A. R. A. Brayner and C. B. Medeiros},
 title       ={Incorpora{\c c}\~ao do tempo em {SGDB} orientado a objetos},
 organization={Simp\'osio Brasileiro de Banco de Dados, {9., 1994, S\~ao Paulo}},
 booktitle   ={Anais...},
 address     ={S\~ao Paulo},
 publisher   ={USP},
 year        =1994,
 pages       ={16-29}}
@inproceedings{7.5.2.2-3,
 author      ={L. S. Souza and A. L. Borges and J. O. Rezende},
 title       ={Influ\^encia da corre{\c c}\~ao e do preparo do solo sobre algumas
              propriedades qu\'\i micas do solo cultivado com bananeiras},
 organization={Reuni\~ao Brasileira de Fertilidade do Solo e Nutri{\c c}\~ao de Plantas,
              {21., 1994, Petrolina}},
 booktitle   ={Anais...},
 address     ={Petrolina},
 publisher   ={EMPRAPA, CATSA},
 year        =1994,
 pages       ={3-4}}
@proceedings{7.5.3-1,
 organization={Congresso de Inicia{\c c}\~ao Cient\'ifica da {UFPe}, {4., 1996,
              Recife}},
 title       ={Anais eletr\^onicos...},
 address     ={Recife},
 publisher   ={UFPe},
 year        =1996,
 url         ={http://www.propesq.ufpe.br\-/anais\-/anais.htm},
 urlaccessdate={21 jan. 1997}}
@inproceedings{7.5.3-2,
 author     ={R. N. Silva and R. Oliveira},
 title      ={Os limites pedag\'ogicos do paradigma da qualidade total na
             educa{\c c}\~ao},
 organization={Congresso de Inicia{\c c}\~ao Cient\'ifica da {UFPe}, {4., 1996,
              Recife}},
 address    ={Recife},
 booktitle  ={Anais eletr\^onicos...},
 publisher  ={UFPe},
 year       =1996,
 url        ={http://www.propesq.ufpe.br\-/anais\-/anais\-/educ\-/ce04.htm},
 urlaccessdate={21 jan. 1997}}
@inproceedings{7.5.3-3,
 author     ={M. R. Guncho},
 title      ={A educa{\c c}\~ao \`a dist\^ancia e a biblioteca universit\'aria},
 organization={Semin\'ario de Bibliotecas Universit\'arias, {10., 1998, Fortaleza}},
 booktitle  ={Anais...},
 address    ={Fortaleza},
 publisher  ={Tec Treina},
 year       =1998,
 note       ={1~CD}}
@inproceedings{7.5.3-4,
 author     ={P. C. Sambroza},
 title      ={Globaliza{\c c}\~ao e sa\'ude: impacto nos perfis epidemiol\'ogicos das
             popula{\c c}\~oes},
 organization={Congresso Brasileiro de Epidemiologia {4., 1998, Rio de Janeiro}},
 booktitle  ={Anais eletr\^onicos...},
 address    ={Rio de Janeiro},
 publisher  ={ABRASCO},
 year       =1998,
 note       ={Mesa-redonda},
 url        ={http://www.abrasco.com.br\-/epirio98/},
 urlaccessdate={17 jan. 1999}}
@inproceedings{7.5.3-5,
 author     ={R. F. Krzyzanowski},
 title      ={Valor agregado no mundo da informa{\c c}\~ao: um meio de criar
             novos espa{\c c}os competitivos a partir da tecnologia da informa{\c c}\~ao
             e melhor satisfazer \`as necessidades dos clientes/usu\'arios},
 organization={Congresso Regional de Informa{\c c}\~ao em Ci\^encias da Sa\'ude, {3.,
              1996, Rio de Janeiro}},
 booktitle  ={Interliga{\c c}\~oes da tecnologia da informa{\c c}\~ao},
 booksubtitle={um elo futuro},
 url        ={http://www.bireme.br\-/cgi-bin\-/crics3\-/texto?titulo=\-VALOR+AGREGADO\-+NO+MUNDO},
 urlaccessdate={26 jan. 1999}}
@book{7.7.1.2-1,
 organization  ={Brasil},
 title   ={Constitui{\c c}\~ao da Rep\'ublica Federativa do Brasil},
 type    ={Constitui{\c c}\~ao (1988)},
 address ={Bras\'\i lia, DF},
 publisher={Senado},
 year    =1988}}
@article{7.7.1.2-2,
 organization  ={Brasil},
 title   ={Constitui{\c c}\~ao  (1988). {E}menda constitucional n{$^o$}9, de 9 de novembro de 1995.
           {D}\'a nova reda{\c c}\~ao ao art.\ 177 da {C}onstitui{\c c}\~ao {F}ederal,
	   alterando e inserindo par\'agrafos},
 address ={S\~ao Paulo},
 month   ={out./dez.},
 volume  ={59},
 pages   ={1966},
 journal ={Lex},
 section ={Colet\^anea de Legisla{\c c}\~ao e Jurisprud\^encia: legisla{\c c}\~ao
           federal e margin\'alia},
 year    =1995}}
@article{7.7.1.2-3,
 organization  ={Brasil},
 title   ={Medida provis\'oria n{$^o$} 1.569-9, de 11 de dezembro de 1997.
           {E}estabelece multa em opera{\c c}\~oes de importa{\c c}\~ao, e d\'a outras
	   provid\^encias.},
 publisher={Poder Executivo},
 journal ={Di\'ario Oficial [da] Rep\'ublica Federativa do Brasil},
 address ={Bras{\'\i}lia, DF},
 month   ={14 dez.},
 year    ={1997},
 note    ={Se{\c c}\~ao 1, p.~29514}}
@article{7.7.1.2-4,
 organization  ={S\~ao Paulo {(Estado)}},
 title   ={Decreto n{$^o$} 42.822, de 20 de janeiro de 1998.
           {D}isp\~oe sobre a desativa{\c c}\~ao de unidades administrativas
	   de \'org\~aos da administra{\c c}\~ao direta e das autarquias do {E}estado
	   e d\'a provid\^encias correlatas},
 journal ={Lex},
 section ={Colet\^anea de Legisla{\c c}\~ao e Jurisprud\^encia},
 address ={S\~ao Paulo},
 volume  =62,
 number  =3,
 pages   ={217-220},
 year    =1998}
@article{7.7.1.2-5,
 organization={Brasil. {Congresso. Senado}},
 title   ={Resolu{\c c}\~ao n{$^o$} 17, de 1991. {A}utoriza o desbloqueio
          de {L}etras {F}inanceiras do {T}esouro do {E}estado do {R}io
	  {G}rande do {S}ul, atrav\'es de revoga{\c c}\~ao do par\'agrafo
	  2{$^o$}, do artigo 1{$^o$} da {R}esolu{\c c}\~ao n{$^o$}72, de 1990},
 journal ={Cole{\c c}\~ao de leis da Rep\'ublica Federativa do Brasil},
 address ={Bras\'\i lia, DF},
 volume  =183,
 pages   ={1156-1157},
 month   ={maio/jun.},
 year    =1991}
@article{7.7.1.2-6,
 organization={Brasil},
 title   ={Consolida{\c c}\~ao das {L}eis do {T}rabalho. {D}ecreto-lei
	   n{$^o$}5.252 de 1 de maio de 1943. {A}prova a consolida{\c c}\~ao
	   das leis do trabalho},
 journal ={Lex},
 section ={Colet\^anea de Legisla{\c c}\~ao: edi{\c c}\~ao federal},
 address ={S\~ao Paulo},
 volume  =7,
 year    =1943,
 note    ={Suplemento}}
@book{7.7.1.2-7,
 organization  ={Brasil},
 title   ={C\'odigo civil},
 furtherresp={Organiza{\c c}\~ao dos textos, notas remissivas e \'\i ndices
          por Juarez de Oliveira},
 edition =46,
 address ={S\~ao Paulo},
 publisher={Saraiva},
 year    ={1995}}
@article{7.7.2.2-1,
 organization={Brasil},
 title   ={{T}ribunal {R}egional {F}ederal. {R}egi\~ao, 5. {A}dministrativo.
          {E}scola {T}\'ecnica {F}ederal. {P}agamento de diferen{\c c}as
	  referente a enquadramento de servidor decorrente de implanta{\c c}\~ao
	  de {P}lano {{\'U}}nico de {C}lassifica{\c c}\~ao e {D}istribui{\c c}\~ao
	  de {C}argos e {E}mpregos, institu{\'\i}do pela {L}ei n{$^o$}8.270/91.
	  {P}redomin\^ancia da lei sobre a portaria. {A}pela{\c c}\~ao c{\'\i}vel
	  n{$^o$}42.441-{PE} (94.05.01629-6). {A}pelante: {E}dilemos {M}amede
	  dos {S}antos e outros. {A}pelada: {E}scola {T}\'ecnica {F}ederal
	  de {P}ernambuco. {R}elator: {J}uiz {N}ereu {S}antos. {R}ecife, 4 de
	  mar{\c c}o de 1997},
 journal ={Lex},
 section ={Jurisprud\^encia do STJ e Tribunais Regionais Federais},
 address ={S\~ao Paulo},
 volume  =10,
 number  =103,
 pages   ={558-562},
 month   =mar,
 year    =1998,
 note    ={\footnote{Na `norma' a \'ultima parte, a partir do volume, encontra-se incorretamente em
           it\'alico.}}}
@article{7.7.2.2-2,
 organization={Brasil. {Superior Tribunal de Justi\c ca}},
 title   ={Processual {P}enal. \textit{Habeas-corpus}. {C}onstrangimento ilegal.
          \textit{Habeas-corpus} n{$^o$}181.636-1, da 6{$^a$} {C}\^amera {C}{\'\i}vel
	  do {T}ribunal de {J}usti{\c c}a do {E}stado de {S}\~ao {P}aulo,
	  {B}ras{\'\i}lia, {DF}, 6 de dezembro de 1994},
 journal ={Lex},
 section ={Jurisprud\^encia do STJ e Tribunais Regionais Federais},
 address ={S\~ao Paulo},
 volume  =10,
 number  =103,
 pages   ={236-240},
 month   =mar,
 year    =1998,
 note    ={\footnote{Nesta entrada tivemos de fazer uso do comando {\tt textit} para
          colocar \textit{Habeas-corpus}.}}}
@article{7.7.3.2,
 author  ={R. G. de Barros},
 title   ={Minist\'erio {P}\'ublico: sua legitima{\c c}\~ao frente ao
          {C}\'odigo do {C}onsumidor},
 journal ={Revista Trimestral de Jurisprud\^encia dos Estados},
 address ={S\~ao Paulo},
 volume  =19,
 number  =139,
 pages   ={53-72},
 month   =aug,
 year    =1995}
@article{7.7.4-1,
 organization={Brasil},
 title   ={Lei n{$^o$} 9.887, de 7 de dezembro de 1999. {A}ltera a
          legisla{\c c}\~ao tribut\'aria federal},
 journal ={Di\'ario Oficial [da] Rep\'ublica Federativa do Brasil},
 address ={Bras{\'\i}lia, DF},
 month   ={8 dez.},
 year    =1999,
 url     ={http://www.in.gov.br/mp\underline{\space}leis/leis\underline{\space}texto.aps?Id=Lei\%209887},
 urlaccessdate={22 dez. 1999},
 xnote    ={\footnote{Aqui tivemos de colocar {\tt month=\{8 dez.\}}}}}
@book{7.10-1,
 title   ={Atlas Mirador Internacional},
 address ={Rio de Janeiro},
 publisher={Enciclop\'edia Brit\^anica do Brasil},
 year    =1981}
@manual{7.10-2,
 organization={Instituto Geogr\'afico e Cartogr\'afico {(S\~ao Paulo, SP)}},
 title   ={Regi\~oes de governo do {E}stado de {S}\~ao {P}aulo},
 address ={S\~ao Paulo},
 year    =1994,
 note    ={Plano Cartogr\'afico do Estado de S\~ao Paulo. Escala 1:2.000}}
@book{7.10-3,
 title   ={Brasil e parte da Am\'erica do Sul},
 subtitle={mapa pol\'itico, escolar, rodovi\'ario, tur\'\i stico e regional},
 address ={S\~ao Paulo},
 publisher={Michalany},
 year    ={1981},
 note    ={1 mapa, color., 79~cm$\times$95~cm. Escala 1:600.000}}
@manual{7.10-4,
 organization={Instituto Geogr\'afico e Cartogr\'afico {(S\~ao Paulo, SP)}},
 title   ={Projeto {L}ins {T}up\~a},
 subtitle={foto a\'erea},
 address ={S\~ao Paulo},
 year    =1986,
 note    ={Fx 28, n.15. Escala 1:35.000}}
@misc{7.13.2-1,
 title   ={Birds from Amap\'a},
 subtitle={banco de dados},
 url     ={http://www.bdt.org/bdt/avifauna/aves},
 urlaccessdate={25 nov. 1998}}
@misc{7.13.2-3,
 title   ={Bioline Discussion List. List maintained by the Bases de Dados Tropical, BDT in Brasil},
 url     ={http://www.bdt.org.br/bioline/DBSearch?BIOLINE-L+READC+57},
 urlaccessdate={25 nov. 1998}}
@book{8.1.1.1-1,
 author  ={Alves, Roque de Brito},
 title   ={Ci\^encia criminal},
 address ={Rio de Janeiro},
 publisher={Forense},
 year    =1995}
@book{8.1.1.1-2,
 author  ={Dami\~ao, Regina Toledo and Antonio Henriques},
 title   ={Curso de direito judr\'\i dico},
 address ={S\~ao Paulo},
 publisher={Atlas},
 year    =1995}
@book{8.1.1.1-3,
 author  ={L. M. M. Passos and A. Fonseca and M. Chaves},
 title   ={Alegria de saber},
 subtitle={matem\'atica, segunda s\'erie, 2, primeiro grau: livro do professor},
 address ={S\~ao Paulo},
 publisher={Scipione},
 year    =1995,
 pages   =136}
@book{8.1.1.2,
 author  ={Urani, A and others},
 title   ={Constitui{\c c}\~ao de uma matriz de contabilidade social para o Brasil},
 address ={Bras\'\i lia, DF},
 publisher={IPEA},
 year    =1994}}
@book{8.1.1.4-1,
 editor  ={L. P. Ferreira},
 editortype={Org.},
 title   ={O fonoaudi\'ologo e a escola},
 address ={S\~ao Paulo},
 publisher={Summus},
 year    =1991}
@book{8.1.1.4-2,
 editor  ={E. Marcondes and I. N. de Lima},
 editortype={Coord.},
 title   ={Dietas em pediatria cl\'\i nica},
 edition =4,
 address ={S\~ao Paulo},
 publisher={Sarvier},
 year    =1993}
@book{8.1.1.4-3,
 editor  ={W. Moore},
 title   ={Construtivismo del movimiento educacional},
 subtitle={soluciones},
 address ={C\'ordoba, AR},
 year    =1960}
@book{8.1.1.4-4,
 editor  ={R. P. Lujan},
 editortype={Comp.},
 title   ={Um presente especial},
 furtherresp={Tradu{\c c}\~ao Sonia da Silva},
 edition =3,
 address ={S\~ao Paulo},
 publisher={Aquariana},
 year    =1993,
 pages   =167}
@book{8.1.1.5,
 title   ={Diagn\'ostico do setor editorial brasileiro},
 address ={S\~ao Paulo},
 publisher={C\^amara Brasileira do Livro},
 year    =1993,
 pages   =64}
@book{8.1.1.6,
 author  ={J. Diniz},
 title   ={As pupilas do senhor reitor},
 edition =15,
 address ={S\~ao Paulo},
 publisher={\'Atica},
 year    =1994,
 pages   =263,
 series  ={S\'erie Bom Livro}}
@book{8.1.1.7-1,
 author  ={Dante{\space}Alighieri},
 title   ={A divina com\'edia},
 furtherresp={Tradu{\c c}\~ao, pref\'acio e notas: Hern\^ani Donato},
 address ={S\~ao Paulo},
 publisher={C\'\i rculo do Livro},
 year    ={[1983]},
 pages   =344}}
@book{8.1.1.7-2,
 author  ={O. Gomes},
 title   ={O direito de fam\'\i lia},
 furtherresp={Atualiza{\c c}\~ao e notas de Humberto Theodoro J\'unior},
 edition =11,
 address ={Rio de Janeiro},
 publisher={Forense},
 year    =1995,
 pages   =562}
@book{8.1.1.7-3,
 author  ={L. Albergaria},
 title   ={Cinco anos sem chover},
 subtitle={hist\'oria de {L}ino {A}lbergaria},
 furtherresp={Ilustra{\c c}\~oes de Paulo Lyra},
 edition =12,
 address ={S\~ao Paulo},
 publisher={FTD},
 year    =1994,
 pages   =63}
@manual{8.1.2.1-1,
 organization={Associa{\c c}\~ao Brasileira de Normas T\'ecnicas},
 title   ={{NBR} 10520},
 subtitle={apresenta{\c c}\~ao de cita{\c c}\~oes em documentos: procedimento},
 address ={Rio de Janeiro},
 year    =1988}
@manual{8.1.2.1-2,
 organization={Universidade de S\~ao Paulo},
 title   ={Cat\'alogo de teses da {U}niversidade de S\~ao Paulo,1992},
 address ={S\~ao Paulo},
 year    =1993,
 pages   =467}
@proceedings{8.1.2.1-3,
 organization={Congresso Brasileiro de Biblioteconomia e Documenta{\c c}\~ao, {10.,
          1979, Curitiba}},
 title   ={Anais...},
 address ={Curitiba},
 publisher={Associa{\c c}\~ao Bibliotec\'aria do Paran\'a},
 year    =1979,
 note    ={3~v.}}
@manual{8.1.2.2-1,
 organization={S\~ao Paulo {(Estado). Secretaria do Meio Ambiente.}},
 title   ={Diretrizes para a politica ambiental do {E}stado de {S}\~ao {P}aulo},
 address ={S\~ao Paulo},
 year    =1993,
 pages   =35}
@techreport{8.1.2.2-2,
 organization={Brasil. {Minist\'erio da Justi{\c c}a}},
 title   ={Relat\'orio de atividades},
 address ={Bras\'\i lia, DF},
 year    =1993,
 pages   =28}
@techreport{8.1.2.3-1,
 organization={Biblioteca Nacional {(Brasil)}},
 title   ={Relat\'orio da diretoria-geral},
 subtitle={1984},
 address ={Rio de Janeiro},
 year    =1985,
 pages   =40}
@techreport{8.1.2.3-2,
 organization={Biblioteca Nacional {(Portugal)}},
 title   ={O 24 de julho de 1833 e a guerra civil de 1829--1834},
 address ={Lisboa},
 year    =1983,
 pages   =95}
@book{8.2.1,
 author  ={C. Pastro},
 title   ={Arte sacra},
 subtitle={espa{\c c}o sagrado hoje},
 address ={S\~ao Paulo},
 publisher={Loyola},
 year    =1993,
 pages   =342}
@book{8.2.2,
 editor  ={P. E. Gonsalves},
 editortype={Org.},
 title   ={A crian{\c c}a},
 subtitle={perguntas e respostas: m\'edicos, psic\'ologos, professores,
           t\'ecnicos, dentistas, ...},
 furtherresp={Pref\'acio do prof. Dr. {C}arlos da Silva Lacaz},
 address ={S\~ao Paulo},
 publisher={Cultrix: Ed.\ da USP},
 year    =1971}
@article{8.2.6,
 author  ={D. M. Leit{\~a}o},
 title   ={A informa{\c c}\~ao como insumo estrat\'egico},
 journal ={Ci.\ Inf.},
 address ={Bras\'\i lia, DF},
 volume  =22,
 number  =2,
 pages   ={118-123},
 month   ={maio/ago.},
 year    =1989}
@book{8.3.1-1,
 author  ={D. Schaum},
 title   ={Schaum's outline of theory and problems},
 edition ={5th},
 address ={New York},
 publisher={Schaum Publishing},
 year    =1956,
 pages   =204,
 note    ={\footnote{Na verdade a `norma' est\'a em contradi{\c c}\~ao ao
           usar \emph{Publishing} pois isso \'e equivalente a `Editor'. Tamb\'em
	   o correto seria usar \emph{fifth} e n\~ao \emph{5th}, que \'e o
	   uso tradicional em bibliografias no exterior.}}}
@book{8.3.1-2,
 author  ={I. Pedrosa},
 title   ={Da cor \`a cor inexistente},
 edition =6,
 address ={Rio de Janeiro},
 publisher={L.~Cristiano},
 year    =1995,
 pages   =219}
@book{8.4.1,
 author  ={R. Zani},
 title   ={Beleza, sa\'ude e bem-estar},
 address ={S\~ao Paulo},
 publisher={Saraiva},
 year    =1995,
 pages   =173}
@book{8.4.3,
 author  ={E. W. Swokowski and V. R. L. F. Flores and M. Q. Moreno},
 title   ={C\'alculo de geometria anal\'\i tica},
 furtherresp={Tradu{\c c}\~ao de Alfredo Alves de Faria. Revis\~ao
           t\'ecnica Antonio Pertence J\'unior},
 edition =2,
 address ={S\~ao Paulo},
 publisher={Makron Books do Brasil},
 year    =1994,
 note    ={2~v.\footnote{O t\'\i tulo deveria ser: C\'alculo {\em e} geometria anal\'\i tica.}}}
@book{8.4.4,
 author  ={Lazzarini, Neto, S.},
 title   ={Cria e recria},
 address ={[S\~ao Paulo]},
 publisher={SDF Editores},
 year    =1994,
 pages   =108}
@book{8.4.5-1,
 title   ={Os~grandes cl\'assicos das poesias l\'\i ricas},
 publisher={Ex Libris},
 year    =1981,
 pages   =60,
 pagename={f.}}
@book{8.4.5-2,
 author  ={G. Krieger and L. A. Novaes and T. Faria},
 title   ={Todos os s\'ocios do presidente},
 edition =3,
 publisher={Scritta},
 year    =1992,
 pages   =195}
@book{8.5.1-1,
 author  ={J. Daghlian},
 title   ={L\'ogica e \'algebra de {B}oole},
 edition =4,
 address ={S\~ao Paulo},
 publisher={Atlas},
 year    =1995,
 pages   =167,
 illustrated={},
 dimensions={21~cm},
 note    ={Bibliografia: p.~166--167},
 isbn    ={85-224-1256-1}}
@book{8.5.1-2,
 author  ={M. Lima},
 title   ={Tem encontro com {D}eus},
 subtitle={teologia para leigos},
 address ={Rio de Janeiro},
 publisher={J.~Olympio},
 year    =1985}
@book{8.5.2-2,
 author  ={N. M. Figueiredo},
 title   ={Metodologias para a promo{\c c}\~ao do uso da informa{\c c}\~ao},
 subtitle={t\'ecnicas aplicadas particularmente em bibliotecas universit\'arias
           especializadas},
 address ={S\~ao Paulo},
 publisher={Nobel},
 year    =1990}
@book{8.5.3,
 author  ={I. Franco},
 title   ={Discursos},
 subtitle={de outubro de 1992 a agosto de 1993},
 address ={Bras\'\i lia, DF},
 year    =1993,
 pages   =107}
@book{8.5.4,
 author  ={F. B. Gon{\c c}alves},
 title   ={A hist\'oria de {Mirador}},
 year    =1993}
@manual{8.5.5,
 organization={Universidade Federal de Vi{\c c}osa},
 title   ={Cat\'alogo de gradua{\c c}\~ao, 1994--1995},
 address ={Vi{\c c}osa, MG},
 year    =1994,
 pages   =385}
@book{8.6.1,
 author  ={C. B. Leite},
 title   ={O s\'eculo do desempenho},
 address ={S\~ao Paulo},
 publisher={LTr},
 year    =1994,
 pages   =160}
@book{8.6.2,
 author  ={S. Cipolla},
 title   ={Eu e a escola 2{$^a$} s\'erie},
 address ={S\~ao Paulo},
 publisher={Paulinas},
 year    =1993,
 pages   =63}
@book{8.6.3,
 author  ={E. Florenzano},
 title   ={Dicion\'ario de id\'eias semelhantes},
 address ={Rio de Janeiro},
 publisher={Ediouro},
 year    ={[1993]},
 pages   =383}
@book{8.6.4,
 title   ={Chave b\'\i blica},
 address ={Bras\'\i lia, DF},
 publisher={Sociedade b\'\i blica do Brasil},
 year    ={1970 (impress\~ao 1994)},
 pages   =511}
@article{8.6.8-1,
 author  ={J. C. Alcarde and A. A. Rodella},
 title   ={O equivalente em carbonato de c\'alcio dos corretivos da acidez dos solos},
 journal ={Scientia Agricola},
 address ={Piracicaba},
 volume  =53,
 number  ={2/3},
 pages   ={204-210},
 month   ={maio/dez.},
 year    =1996}
@article{8.6.8-2,
 author  ={M. J. Benetton},
 title   ={Terapia ocupacional e reabilita{\c c}\~ao psicossocial: uma rela{\c c}\~ao
          poss{\'\i}vel},
 journal ={Revista de Terapia Ocupacional da Universidade de S\~ao Paulo},
 address ={S\~ao Paulo},
 volume  =4,
 number  =3,
 pages   ={11-16},
 month   =mar,
 year    =1993}

@article{8.6.9-1,
 author  ={H. C. F. Mansilla},
 title   ={La controversia entre universalismo y particularismo en la
          filosofia de la cultura},
 journal ={Revista Latinoamericana de Filosofia},
 address ={Buenos Aires},
 volume  =24,
 number  =2,
 month   ={primavera},
 year    =1998}}
@article{8.6.9-2,
 author  ={E. Figueiredo},
 title   ={Canad\'a e {A}ntilhas: l\'\i nguas populares, oralidade e
          literatura},
 journal ={Gragoat\'a},
 address ={Niter\'oi},
 number  =1,
 pages   ={127-136},
 month   ={2. sem.},
 year    =1996}
@book{8.7.2-1,
 author  ={J. Piaget},
 title   ={Para onde vai a educa{\c c}\~ao},
 edition =7,
 address ={Rio de Janeiro},
 publisher ={J.~Olympio},
 year    =1980,
 pages   =500}
@book{8.7.2-2,
 author  ={F. Tabak},
 title   ={A lei como instrumento de mudan{\c c}a social},
 address ={Fortaleza},
 publisher={Funda{\c c}\~ao Waldemar Alc\^antara},
 year    =1993,
 pages   =17,
 pagename={f.}}
@book{8.7.4,
 author  ={D. P. Silva},
 title   ={Vocabul\'ario jur\'\i dico},
 edition =4,
 address ={Rio de Janeiro},
 publisher={Forense},
 year    =1996,
 note    ={5~v. em~3}}
@incollection{8.7.5,
 author  ={L. L. B. Rego},
 title   ={O desenvolvimento cognitivo e a prontid\~ao para alfabetiza{\c c}\~ao},
 editor  ={T. N. Carraro},
 editortype={Org.},
 booktitle={Aprender pensando},
 edition =6,
 address ={Petr\'opolis},
 publisher={Vozes},
 year    =1991,
 pages   ={31-40}}
@book{8.7.6-1,
 author  ={M. P. Marques and R. G. Lanzelotte},
 title   ={Banco de dados e hiperm\'\i dia},
 subtitle={construindo um metamodelo para o {P}rojeto {P}ortinari},
 address ={Rio de Janeiro},
 publisher={PUC, Departamento de Inform\'atica},
 year    =1993,
 note    ={Pagina{\c c}\~ao irregular}}
@book{8.7.6-2,
 title   ={Sistema de ensino {T}amandar\'e},
 subtitle={sargentos do {E}x\'ercito e da {A}eron\'autica},
 address ={[Rio de Janeiro]},
 publisher={Col\'egio Curso Tamandar\'e},
 year    =1993,
 note    ={N\~ao paginado}}
@book{8.8-1,
 author  ={A. M. Cesar},
 title   ={A bala e a mitra},
 address ={Recife},
 publisher={Baga{\c c}o},
 year    =1994,
 pages   =267,
 illustrated={}}
@book{8.8-2,
 author  ={M. R. de Azevedo},
 title   ={Viva vida},
 subtitle={estudos sociais, 4.},
 address ={S\~ao Paulo},
 publisher={FTD},
 year    =1994,
 pages   =194,
 illustrated={il. color.}}
@book{8.8-3,
 author  ={Z. Batista and N. Batista},
 title   ={O foguete do {G}uido},
 furtherresp={Ilustra{\c c}\~oes de Marilda Castanha},
 address ={S\~ao Paulo},
 publisher={Ed. do Brasil},
 year    =1992,
 pages   =15,
 illustrated={principalmente il. color.}}
@book{8.8-4,
 author  ={C. Chueire},
 title   ={Marca angelical},
 furtherresp={Ilustra{\c c}\~ao Luciane Fadel},
 address ={Petr\'opolis},
 publisher={Vozes},
 year    =1994,
 pages   =18,
 illustrated={somente il.},
 dimensions={20~cm},
 isbn    ={85-326-1087-0}}
@book{8.9-1,
 author  ={J. J. Duran},
 title   ={Ilumina{\c c}\~ao para v\'\i deo e cinema},
 address ={S\~ao Paulo},
 year    =1993,
 pages   =126,
 dimensions={21~cm}}
@book{8.9-2,
 author  ={T. Chemello},
 title   ={L\~as, linhas e retalhos},
 edition =3,
 address ={S\~ao Paulo},
 publisher={Global},
 year    =1993,
 pages   =61,
 illustrated={},
 dimensions={16~cm {$\times$}~23~cm}}
@book{8.10-1,
 author  ={Arbex, Junior, J.},
 title   ={Nacionalismo},
 subtitle={o desafio \`a nova ordem p\'os-socialista},
 address ={S\~ao Paulo},
 publisher={Scipione},
 year    =1993,
 pages   =104,
 illustrated={},
 dimensions={23~cm},
 series  ={Hist\'oria em aberto}}
@book{8.10-2,
 author  ={M. Carvalho},
 title   ={Guia pr\'atico do alfabetizador},
 address ={S\~ao Paulo},
 publisher={\'Atica},
 year    =1994,
 pages   =95,
 dimensions={21~cm},
 series  ={Princ\'\i pios},
 number  =243}
@book{8.10-3,
 author  ={R. Miglori},
 title   ={Paradigmas e educa{\c c}\~ao},
 address ={S\~ao Paulo},
 publisher={Aquariana},
 year    =1993,
 pages   =20,
 dimensions={23~cm},
 series  ={Vis\~ao do futuro},
 volume  =1}
@book{8.10-4,
 author  ={Amaral, Sobrinho, J},
 title   ={Ensino fundamental},
 subtitle={gastos das {U}ni\~ao e do {MEC} em 1991: tend\^encias},
 address ={Bras\'\i lia, DF},
 publisher={IPAE},
 year    =1994,
 pages   =8,
 series  ={Texto para discuss\~ao},
 number  ={n.~1}}
@book{8.10-5,
 author  ={A. Rodrigues},
 title   ={Teatro completo},
 furtherresp={Organiza{\c c}\~ao geral e pref\'acio S\'abato Magaldi},
 address ={Rio de Janeiro},
 publisher={Nova Aguilar},
 year    =1994,
 pages   =1134,
 dimensions={19~cm},
 series  ={Biblioteca luso-brasileira. Serie brasileira},
 note    ={\footnote{O correto seria: \emph{S\'erie} brasileira.}}}
@book{8.11.1,
 author  ={J. Carruth},
 title   ={A nova casa do {B}ebeto},
 furtherresp={Desenhos de Tony Hutchings. Tradu{\c c}\~ao Ruth Rocha},
 address ={S\~ao Paulo},
 publisher={C\'\i rculo do Livro},
 year    =1993,
 pages   =21,
 note    ={T\'\i tulo original: Moving House}}
@book{8.11.2-1,
 author  ={Saadi},
 title   ={O jardim das rosas...},
 furtherresp={Tradu{\c c}\~ao de Aur\'elio Buarque de Holanda},
 address ={Rio de Janeiro},
 publisher={J. Olympio},
 year    =1944,
 pages   =124,
 illustrated={},
 series  ={Cole{\c c}\~ao Rubaiyat},
 note    ={Vers\~ao francesa de: Franz Toussaint. Original \'arabe}}
@book{8.11.2-2,
 author  ={O Mandino},
 title   ={A universidade do sucesso},
 furtherresp={Tradu{\c c}\~ao de Eugenia Loureiro},
 edition =6,
 address ={Rio de Janeiro},
 publisher={Record},
 year    =1994,
 pages   =562,
 dimensions={21~cm},
 note    ={T\'\i tulo original: The university of sucess}}
@monography{8.11.4-1,
 author  ={M. L. C. Morgado},
 title   ={Reimplante dent\'ario},
 year    =1990,
 type    ={Especializa{\c c}\~ao},
 school  ={Faculdade de Odontologia, Universidade Camilo Castelo Branco},
 pages   =51,
 address ={S\~ao Paulo}}
@mastersthesis{8.11.4-2,
 author  ={U. A. M. Ara\'ujo},
 title   ={M\'ascaras inteiri{\c c}as Tukun\'a},
 subtitle={possibilidade de estudo de artefatos
          de museu para o conhecimento do universo ind\'\i gena},
 year    =1985,
 pages   =102,
 type    ={Mestrado em Ci\^encias Sociais},
 school  ={Funda{\c c}\~ao Escola de Sociologia Pol\'\i tica de S\~ao Paulo},
 address ={S\~ao Paulo}}
@monography{8.11.4-1b,
 author  ={M. L. C. Morgado},
 title   ={Reimplante dent\'ario},
 year    =1990,
 type    ={Especializa{\c c}\~ao},
 school  ={Faculdade de Odontologia, Universidade Camilo Castelo Branco},
 pages   =51,
 address ={S\~ao Paulo}}
@monography{8.11.4-1c,
 author  ={M. L. C. Morgado},
 title   ={Reimplante dent\'ario},
 year    =1990,
 type    ={Especializa{\c c}\~ao},
 school  ={Faculdade de Odontologia, Universidade Camilo Castelo Branco},
 pages   =51,
 address ={S\~ao Paulo}}
@book{8.11.5-1,
 author  ={R. Laurenti},
 title   ={Mortalidade pr\'e-natal},
 address ={S\~ao Paulo},
 publisher={Centro Brasileiro de Classifica{\c c}\~ao de Doen{\c c}as},
 year    =1978,
 note    ={Mimeografado}}
@article{8.11.5-2,
 author  ={J. L. C. Marins},
 title   ={Massa calcificada da naso-faringe},
 journal ={Radiologia Brasileira},
 address ={S\~ao Paulo},
 number  =23,
 year    =1991,
 note    ={No prelo}}
@book{8.11.5-6,
 author  ={S. B. Holanda},
 title   ={Caminhos e fronteiras},
 edition =3,
 address ={S\~ao Paulo},
 publisher={Companhia das Letras},
 year    =1994,
 pages   =301,
 dimensions={21~cm},
 illustrated={},
 note    ={Inclui \'\i ndice},
 isbn    ={85-7164-411-X}}
@book{8.11.5-7,
 author  ={T. Pelosi},
 title   ={O caminho das cordas},
 address ={Rio de Janeiro},
 publisher={Anais},
 year    =1993,
 pages   =158,
 illustrated={},
 dimensions={21~cm},
 note    ={Bibliografia: p.~115-158}}
@book{8.11.5-8,
 author  ={D. Tringali},
 title   ={Escolas liter\'arias},
 address  ={S\~ao Paulo},
 publisher={Musa},
 year    =1994,
 pages   =246,
 dimensions={21~cm},
 note    ={Inclui bibliografias}}
@book{8.11.5-11,
 author  ={M. S. Cardim},
 title   ={Constitui o ensino de 2$^o$ grau regular noturno uma verdadeira educa{\c c}\~ao
          de adultos},
 address ={Curitiba},
 publisher={Universidade Federal do Paran\'a, Setor de Educa{\c c}\~ao},
 year    =1984,
 note    ={3 microfichas. Redu{\c c}\~ao de 1:24.000}}

@book{9.1-1,
 author  ={Cretella, J\'unior, J.},
 title   ={Do impeachment no direito brasileiro},
 address ={[S\~ao Paulo]},
 publisher ={R. dos Tribunais},
 year    =1992,
 pages   =107}
@booklet{9.1-2,
 title   ={Boletim~estat\'istico [da] {R}ede {F}errovi\'aria {F}ederal},
 address ={Rio de Janeiro},
 year    =1965,
 pages   =20}
 

